@article{grpo2024,
    title={GRPO: Generative Reward Processing and Optimization},
    author={Zeng, Zhiqing and Xu, Yifan and Xie, Xuanyu and Qin, Yujia and Huang, Xiaohan and Xu, Zonghan and Xu, Ningyu and Yin, Dejiao and Xie, Pengtao},
    journal={arXiv preprint arXiv:2402.03300},
    year={2024}
}

@misc{qwen2024,
    title={Qwen2: The Next Generation of Qwen Language Model},
    author={Qwen Team},
    howpublished={\url{https://huggingface.co/Qwen/Qwen2.5-1.5B-Instruct}},
    year={2024}
}

@article{rl_nlp2021,
    title={A Survey of Reinforcement Learning Applied to NLP},
    author={Henderson, Peter and Hu, Jieru and Romoff, Joshua and Brunskill, Emma and Jurafsky, Dan and Pineau, Joelle},
    journal={arXiv preprint arXiv:2104.05565},
    year={2021}
}

@misc{openr1,
    title={Open-R1: An Open Source Implementation of GRPO},
    author={Hugging Face Team},
    howpublished={\url{https://github.com/huggingface/open-r1}},
    year={2024}
} 